@misc{subject:taa,
  author    = {Teodoro Calonge Cano and Carlos Javier Alonso GonzáLez},
  title     = {{Técnicas de Aprendizaje Autómatico}},
  year      = {2016/17},
  publisher = {E.T.S. Ingeniería Informática de la Universidad de valladolid}
}

@misc{wiki:tree,
  author    = {Wikipedia},
  title     = {{Tree (graph theory)}},
  year      = {2017},
  url       = "https://en.wikipedia.org/wiki/Tree_(graph_theory)"
}
